@article{angrist1999using,
  title={Using Maimonides' rule to estimate the effect of class size on scholastic achievement},
  author={Angrist, Joshua D and Lavy, Victor},
  journal={The Quarterly journal of economics},
  volume={114},
  number={2},
  pages={533--575},
  year={1999},
  publisher={MIT Press}
}

@article{card2015inference,
	title={Inference on causal effects in a generalized regression kink design},
	author={Card, David and Lee, David S and Pei, Zhuan and Weber, Andrea},
	journal={Econometrica},
	volume={83},
	number={6},
	pages={2453--2483},
	year={2015},
	publisher={Wiley Online Library}
}


@article{lee2008randomized,
	title={Randomized experiments from non-random selection in US House elections},
	author={Lee, David S},
	journal={Journal of Econometrics},
	volume={142},
	number={2},
	pages={675--697},
	year={2008},
	publisher={Elsevier}
}

@article{waldinger2010quality,
	title={Quality matters: The expulsion of professors and the consequences for PhD student outcomes in Nazi Germany},
	author={Waldinger, Fabian},
	journal={Journal of Political Economy},
	volume={118},
	number={4},
	pages={787--831},
	year={2010},
	publisher={University of Chicago Press Chicago, IL}
}

@article{abadie2003economic,
	title={The economic costs of conflict: A case study of the Basque Country},
	author={Abadie, Alberto and Gardeazabal, Javier},
	journal={American economic review},
	volume={93},
	number={1},
	pages={113--132},
	year={2003}
}

@article{card1990impact,
	title={The impact of the Mariel boatlift on the Miami labor market},
	author={Card, David},
	journal={ILR Review},
	volume={43},
	number={2},
	pages={245--257},
	year={1990},
	publisher={SAGE Publications Sage CA: Los Angeles, CA}
}

@article{autor2003outsourcing,
	title={Outsourcing at will: The contribution of unjust dismissal doctrine to the growth of employment outsourcing},
	author={Autor, David H},
	journal={Journal of labor economics},
	volume={21},
	number={1},
	pages={1--42},
	year={2003},
	publisher={The University of Chicago Press}
}

@article{jayaratne1996finance,
	title={The finance-growth nexus: Evidence from bank branch deregulation},
	author={Jayaratne, Jith and Strahan, Philip E},
	journal={The Quarterly Journal of Economics},
	volume={111},
	number={3},
	pages={639--670},
	year={1996},
	publisher={MIT Press}
}

@article{card2000minimum,
	title={Minimum wages and employment: a case study of the fast-food industry in New Jersey and Pennsylvania: reply},
	author={Card, David and Krueger, Alan B},
	journal={American Economic Review},
	volume={90},
	number={5},
	pages={1397--1420},
	year={2000}
}

@article{card1994minimum,
	title={Minimum wages and employment: a case study of the fast-food industry in New Jersey and Pennsylvania},
	author={Card, David and Krueger, Alan B},
	journal={American Economic Review},
	volume={84},
	number={4},
	pages={772--93},
	year={1994}
}

@article{bertrand2004much,
	title={How much should we trust differences-in-differences estimates?},
	author={Bertrand, Marianne and Duflo, Esther and Mullainathan, Sendhil},
	journal={The Quarterly journal of economics},
	volume={119},
	number={1},
	pages={249--275},
	year={2004},
	publisher={MIT Press}
}

@article{freeman1984unions,
	title={What do unions do},
	author={Freeman, Richard B and Medoff, James L},
	journal={Indus. \& Lab. Rel. Rev.},
	volume={38},
	pages={244},
	year={1984},
	publisher={HeinOnline}
}

@article{porta1998law,
	title={Law and finance},
	author={Porta, Rafael La and Lopez-de-Silanes, Florencio and Shleifer, Andrei and Vishny, Robert W},
	journal={Journal of political economy},
	volume={106},
	number={6},
	pages={1113--1155},
	year={1998},
	publisher={The University of Chicago Press}
}

@article{burgess2005rural,
	title={Do rural banks matter? Evidence from the Indian social banking experiment},
	author={Burgess, Robin and Pande, Rohini},
	journal={American Economic Review},
	volume={95},
	number={3},
	pages={780--795},
	year={2005}
}

@article{olson2002workers,
	title={Do workers accept lower wages in exchange for health benefits?},
	author={Olson, Craig A},
	journal={Journal of Labor Economics},
	volume={20},
	number={S2},
	pages={S91--S114},
	year={2002},
	publisher={The University of Chicago Press}
}

@article{levitt2002,
	title={Using electoral cycles in police hiring to estimate the effects of police on crime: Reply},
	author={Levitt, Steven D},
	journal={American Economic Review},
	volume={92},
	number={4},
	pages={1244--1250},
	year={2002}
}

@article{levitt1997,
	title={Using electoral cycles in police hiring to estimate the effects of police on crime?},
	author={Levitt, Steven D},
	journal={American Economic Review},
	volume={87},
	number={3},
	pages={270--290},
	year={1997}
}

@article{mccrary2002,
	title={Using electoral cycles in police hiring to estimate the effects of police on crime? Comment},
	author={McCrary, Justin},
	journal={American Economic Review},
	volume={92},
	number={4},
	pages={1236--43},
	year={2002}
}

@article{angrist1990lifetime,
	title={Lifetime earnings and the Vietnam era draft lottery: evidence from social security administrative records},
	author={Angrist, Joshua D},
	journal={The American Economic Review},
	pages={313--336},
	year={1990},
	publisher={JSTOR}
}

@article{bound1995problems,
	title={Problems with instrumental variables estimation when the correlation between the instruments and the endogenous explanatory variable is weak},
	author={Bound, John and Jaeger, David A and Baker, Regina M},
	journal={Journal of the American statistical association},
	volume={90},
	number={430},
	pages={443--450},
	year={1995},
	publisher={Taylor \& Francis}
}

@article{angrist1991does,
	title={Does compulsory school attendance affect schooling and earnings?},
	author={Angrist, Joshua D and Keueger, Alan B},
	journal={The Quarterly Journal of Economics},
	volume={106},
	number={4},
	pages={979--1014},
	year={1991},
	publisher={MIT Press}
}

@article{krueger1999experimental,
	title={Experimental estimates of education production functions},
	author={Krueger, Alan B},
	journal={The quarterly journal of economics},
	volume={114},
	number={2},
	pages={497--532},
	year={1999},
	publisher={MIT Press}
}

@article{roth2023s,
	title={What’s trending in difference-in-differences? A synthesis of the recent econometrics literature},
	author={Roth, Jonathan and Sant’Anna, Pedro HC and Bilinski, Alyssa and Poe, John},
	journal={Journal of Econometrics},
	volume={235},
	number={2},
	pages={2218--2244},
	year={2023},
	publisher={Elsevier}
}

@article{waldinger2010quality,
	title={Quality matters: The expulsion of professors and the consequences for PhD student outcomes in Nazi Germany},
	author={Waldinger, Fabian},
	journal={Journal of political economy},
	volume={118},
	number={4},
	pages={787--831},
	year={2010},
	publisher={University of Chicago Press Chicago, IL}
}

@article{goodman2021difference,
	title={Difference-in-differences with variation in treatment timing},
	author={Goodman-Bacon, Andrew},
	journal={Journal of econometrics},
	volume={225},
	number={2},
	pages={254--277},
	year={2021},
	publisher={Elsevier}
}

@article{de2020two,
	title={Two-way fixed effects estimators with heterogeneous treatment effects},
	author={De Chaisemartin, Cl{\'e}ment and d’Haultfoeuille, Xavier},
	journal={American economic review},
	volume={110},
	number={9},
	pages={2964--2996},
	year={2020},
	publisher={American Economic Association 2014 Broadway, Suite 305, Nashville, TN 37203}
}

@article{sun2021estimating,
	title={Estimating dynamic treatment effects in event studies with heterogeneous treatment effects},
	author={Sun, Liyang and Abraham, Sarah},
	journal={Journal of econometrics},
	volume={225},
	number={2},
	pages={175--199},
	year={2021},
	publisher={Elsevier}
}

@article{de2023two,
	title={Two-way fixed effects and differences-in-differences with heterogeneous treatment effects: A survey},
	author={De Chaisemartin, Cl{\'e}ment and d’Haultfoeuille, Xavier},
	journal={The Econometrics Journal},
	volume={26},
	number={3},
	pages={C1--C30},
	year={2023},
	publisher={Oxford University Press}
}

@article{rambachan2023more,
	title={A more credible approach to parallel trends},
	author={Rambachan, Ashesh and Roth, Jonathan},
	journal={Review of Economic Studies},
	volume={90},
	number={5},
	pages={2555--2591},
	year={2023},
	publisher={Oxford University Press US}
}

@article{roth2023parallel,
	title={When is parallel trends sensitive to functional form?},
	author={Roth, Jonathan and Sant'Anna, Pedro HC},
	journal={Econometrica},
	volume={91},
	number={2},
	pages={737--747},
	year={2023},
	publisher={Wiley Online Library}
}

@article{callaway2021difference,
	title={Difference-in-differences with multiple time periods},
	author={Callaway, Brantly and Sant’Anna, Pedro HC},
	journal={Journal of econometrics},
	volume={225},
	number={2},
	pages={200--230},
	year={2021},
	publisher={Elsevier}
}

@article{abadie2023should,
	title={When should you adjust standard errors for clustering?},
	author={Abadie, Alberto and Athey, Susan and Imbens, Guido W and Wooldridge, Jeffrey M},
	journal={The Quarterly Journal of Economics},
	volume={138},
	number={1},
	pages={1--35},
	year={2023},
	publisher={Oxford University Press}
}

@article{mehlum2006institutions,
	title={Institutions and the resource curse},
	author={Mehlum, Halvor and Moene, Karl and Torvik, Ragnar},
	journal={The economic journal},
	volume={116},
	number={508},
	pages={1--20},
	year={2006},
	publisher={Oxford University Press Oxford, UK}
}